@techreport {
  AN1562,
  title={High Resolution {RGB} {LED} Color Mixing Application Note},
  author={Brian Tompson and Stephen Allen and Microchip Technology Inc.},
  institution={Microchip Technology Inc.},
  number={AN1562},
  edition={DS00001562B},
  year={2014},
  url={http://ww1.microchip.com/downloads/en/AppNotes/00001562B.pdf},
}
@techreport {
  AN2026,
  title={{RGBA} Color Mixing with Bluetooth® Low Energy Communication},
  author={Swathi Sridhar and Ashutosh Tiwari and Namrata Dalvi and Microchip Technology Inc.},
  institution={Microchip Technology Inc.},
  number={AN2026},
  edition={DS00002026A},
  year={2016},
  url={http://ww1.microchip.com/downloads/en/AppNotes/00002026A.pdf},
}
@inproceedings {
  Chi2011,
  title={A Compact and Efficient Method of {RGB} to {RGBW} Data Conversion for
OLED Microdisplays},
  author={Chi Can and Ian Underwood},
  booktitle={EURODISPLAY 2011},
  year={2011},
  pages={59--62},
}
@inproceedings {
  Lee2014,
  title={POWER-CONSTRAINED {RGB}-TO-{RGBW} CONVERSION FOR EMISSIVE DISPLAYS},
  author={Chul Lee and Vishal Monga},
  booktitle={IEEE International Conference on Acoustic, Speech and Signal Processing},
  year={2014},
  pages={1214--1218},
}
@inbook {
  SVD_NRC,
  title={Singular Value Decomposition},
  booktitle= {Numerical Recipes in C},
  Author= {William H. Press and Saul A. Teukolsky and William T. Vetterling and Brian P. Flannery},
  Publisher= {Cambridge University Press},
  Year= {1992},
  chapter={2.6},
  pages={59--70},
  Address={Cambridge, MA, USA},
  Edition={Second}
}
@inbook {
  LP_NRC,
  title={Linear Programming and the Simplex Method},
  booktitle= {Numerical Recipes in C},
  Author= {William H. Press and Saul A. Teukolsky and William T. Vetterling and Brian P. Flannery},
  Publisher= {Cambridge University Press},
  Year= {1992},
  chapter={2.6},
  pages={430--438},
  Address={Cambridge, MA, USA},
  Edition={Second}
}
@inproceedings {
  Sharp2011,
  title={多原色ディスプレイの意義},
  author={冨沢 一成},
  booktitle={フラットパネルディスプレイの人間工学シンポジウム2011},
  organization={JEITA},
  year={2011},
  month={March},
  url={https://home.jeita.or.jp/device/lirec/symposium/fpd_2011/doc/2a_tomizawa.pdf},
}
@misc {
  Wikipedia_multicolor,
  author  = {{Wikipedia contributors}},
  title   = {Multi-primary color display},
  url     = {https://en.wikipedia.org/wiki/Multi-primary_color_display},
  year    = {2020},
  note    = {[Online; accessed 14-June-2020]}
}
